@article{chien,
author = {Chien, Lung-Sheng},
title = {{Chapter 19 OpenMP}},
year = {2008}
}
@article{ortega,
author = {Ortega, Patricia},
title = {{Parallel Algorithm for Dense Matrix Multiplication}},
year = {2012}
}
@article{sandeep,
author = {Raghuraman, Sandeep},
title = {{Parallelizing matrix multiplication}},
year = {2011}
}
@misc{openmp,
  author = {Blaise Barney (Lawrence Livermore National Laboratory)},
  title = {{OpenMP}},
  howpublished = "\url{https://computing.llnl.gov/tutorials/openMP/}",
  year = {2013}, 
  note = "[Online; accessed 02-Nov-2013]"
}
@misc{mpi,
  author = {Blaise Barney (Lawrence Livermore National Laboratory)},
  title = {{Message Passing Interface (MPI)}},
  howpublished = "\url{https://computing.llnl.gov/tutorials/mpi/}",
  year = {2013}, 
  note = "[Online; accessed 15-Nov-2013]"
}
@misc{gcc,
  author = {Free Software Foundation, Inc.)},
  title = {{Using the GNU Compiler Collection (GCC).}},
  howpublished = "\url{http://gcc.gnu.org/onlinedocs/gcc/}",
  year = {2014}, 
  note = "[Online; accessed 02-Feb-2014]"
}